%% This BibTeX bibliography file was created using BibDesk.
%% http://bibdesk.sourceforge.net/


%% Created for 杜海啸 at 2015-06-15 15:32:48 +0800 


%% Saved with string encoding Unicode (UTF-8) 
@article{Glasser2013The,
  title={The minimal preprocessing pipelines for the Human Connectome Project},
  author={Glasser, Matthew F. and Sotiropoulos, Stamatios N. and Wilson, J. Anthony and Coalson, Timothy S. and Fischl, Bruce and Andersson, Jesper L. and Xu, Junqian and Jbabdi, Saad and Webster, Matthew and Polimeni, Jonathan R.},
  journal={Neuroimage},
  volume={80},
  number={20},
  pages={105-124},
  year={2013},
}

@article{R2011Handbook,
  title={Handbook of functional MRI data analysis},
  author={R. Poldrack | J. Mumford | Thomas Nichols},
  journal={Handbook of Functional Mri Data Analysis},
  year={2011}
}

@article{kelly2012characterizing,
  title={Characterizing variation in the functional connectome: promise and pitfalls},
  author={Kelly, Clare and Biswal, Bharat B and Craddock, R Cameron and Castellanos, F Xavier and Milham, Michael P},
  journal={Trends in cognitive sciences},
  volume={16},
  number={3},
  pages={181--188},
  year={2012},
  publisher={Elsevier}
}

@article{biswal2010toward,
  title={Toward discovery science of human brain function},
  author={Biswal, Bharat B and Mennes, Maarten and Zuo, Xi-Nian and Gohel, Suril and Kelly, Clare and Smith, Steve M and Beckmann, Christian F and Adelstein, Jonathan S and Buckner, Randy L and Colcombe, Stan and others},
  journal={Proceedings of the National Academy of Sciences},
  volume={107},
  number={10},
  pages={4734--4739},
  year={2010},
  publisher={National Acad Sciences}
}

@article{gentleman2004bioconductor,
  title={Bioconductor: open software development for computational biology and bioinformatics},
  author={Gentleman, Robert C and Carey, Vincent J and Bates, Douglas M and Bolstad, Ben and Dettling, Marcel and Dudoit, Sandrine and Ellis, Byron and Gautier, Laurent and Ge, Yongchao and Gentry, Jeff and others},
  journal={Genome biology},
  volume={5},
  number={10},
  pages={R80},
  year={2004},
  publisher={BioMed Central Ltd}
}

@book{penny2011statistical,
  title={Statistical parametric mapping: the analysis of functional brain images: the analysis of functional brain images},
  author={Penny, William D and Friston, Karl J and Ashburner, John T and Kiebel, Stefan J and Nichols, Thomas E},
  year={2011},
  publisher={Academic press}
}

@article{fischl2012freesurfer,
  title={FreeSurfer},
  author={Fischl, Bruce},
  journal={Neuroimage},
  volume={62},
  number={2},
  pages={774--781},
  year={2012},
  publisher={Elsevier}
}

@article{cox1996afni,
  title={AFNI: software for analysis and visualization of functional magnetic resonance neuroimages},
  author={Cox, Robert W},
  journal={Computers and Biomedical research},
  volume={29},
  number={3},
  pages={162--173},
  year={1996},
  publisher={Elsevier}
}

@article{jenkinson2012fsl,
  title={Fsl},
  author={Jenkinson, Mark and Beckmann, Christian F and Behrens, Timothy EJ and Woolrich, Mark W and Smith, Stephen M},
  journal={Neuroimage},
  volume={62},
  number={2},
  pages={782--790},
  year={2012},
  publisher={Elsevier}
}

@article{sporns2005human,
  title={The human connectome: a structural description of the human brain},
  author={Sporns, Olaf and Tononi, Giulio and K{\"o}tter, Rolf},
  journal={PLoS Comput Biol},
  volume={1},
  number={4},
  pages={e42},
  year={2005}
}

@article{sporns2011human,
	Author = {Sporns, Olaf},
	Date-Added = {2015-06-15 07:32:26 +0000},
	Date-Modified = {2015-06-15 07:32:26 +0000},
	Journal = {Annals of the New York Academy of Sciences},
	Number = {1},
	Pages = {109--125},
	Publisher = {Wiley Online Library},
	Title = {The human connectome: a complex network},
	Volume = {1224},
	Year = {2011}}

@article{kandel2013neuroscience,
	Author = {Kandel, Eric R and Markram, Henry and Matthews, Paul M and Yuste, Rafael and Koch, Christof},
	Date-Added = {2015-06-15 07:19:25 +0000},
	Date-Modified = {2015-06-15 07:19:25 +0000},
	Journal = {Nature Reviews Neuroscience},
	Number = {9},
	Pages = {659--664},
	Publisher = {Nature Publishing Group},
	Title = {Neuroscience thinks big (and collaboratively)},
	Volume = {14},
	Year = {2013}}
